@book{
    GabRam,
    author="Gabber, O. and Ramero, L.",
    title="Almost Ring Theory",
    address="Berlin",
    series="Lecture notes in mathematics",
    publisher="Springer-{V}erlag",
    year="2003"
},

@article{
    Elkik73,
    author="Elkik, R.",
    title="Solutions d'\'equations \`a coefficients dans un anneau hens\'elien",
    journal="Annales scientifiques de L'\'E.N.S.",
    volume="Ser 4, 6",
    number="4",
    year="1973",
    pages="553--603"
},

@unpublished{
    GGO,
    author="Gillet, H. and Gorchinskiy, S. and Ovchinnikov, A.",
    title="{P}arameterized {P}icard-{V}essiot extensions and {A}tiyah extensions",
    year="2011",
    URL="http://arxiv.org/abs/1110.3526"
},
@phdthesis{
    Wibmer1,
    author="Wibmer, M.",
    title="Geometric Difference {G}alois Theory",
    year="2010",
    school="Heidelberg"
},
@unpublished{
	glm,
	title="glm",
	URL="https://github.com/g-truc/glm"
},
@unpublished{
	sfml,
	title="SFML",
	URL="https://www.sfml-dev.org/"
},
@unpublished{
	obj,
	title="obj",
	URL="https://en.wikipedia.org/wiki/Wavefront_.obj_file"
},
@unpublished{
	uml1,
	title="uml image 1 source",
	URL="https://coderlessons.com/tutorials/akademicheskii/uchit-uml/uml-osnovnye-notatsii"
},
@unpublished{
	uml2,
	title="uml image 2 source",
	URL="https://www.wikiwand.com/en/Class_diagram"
},
@unpublished{
	zimg3,
	title="image 3 source",
	URL="https://web.cs.ucdavis.edu/~amenta/s12/perspectiveCorrect.pdf"
},
@unpublished{
	stb,
	title="stb\textunderscore image",
	URL="https://github.com/nothings/stb/blob/master/stb\textunderscore image.h"
},
@unpublished{
	3dRenderer,
	title="github репозиторий проекта",
	URL="https://github.com/asmorodinov/3d-renderer-from-scratch/tree/dev"
},
@book{
	Math3d,
	author="Eric Lengyel",
	title="Mathmatics for 3d game programming and computer graphics",
	publisher="Course Technology PTR",
	year="2012"
},
@book{
	LRN,
	author="Samuel R. Buss",
	title="A Mathematical Introduction with OpenGL",
	publisher="Cambridge University Press",
	year="2003"
},