@book{
    GabRam,
    author="Gabber, O. and Ramero, L.",
    title="Almost Ring Theory",
    address="Berlin",
    series="Lecture notes in mathematics",
    publisher="Springer-{V}erlag",
    year="2003"
},

@article{
    Elkik73,
    author="Elkik, R.",
    title="Solutions d'\'equations \`a coefficients dans un anneau hens\'elien",
    journal="Annales scientifiques de L'\'E.N.S.",
    volume="Ser 4, 6",
    number="4",
    year="1973",
    pages="553--603"
},

@unpublished{
	learnopengl,
	title="learnopengl.com",
	URL="https://learnopengl.com/"
},

@unpublished{
    GGO,
    author="Gillet, H. and Gorchinskiy, S. and Ovchinnikov, A.",
    title="{P}arameterized {P}icard-{V}essiot extensions and {A}tiyah extensions",
    year="2011",
    URL="http://arxiv.org/abs/1110.3526"
},
@phdthesis{
    Wibmer1,
    author="Wibmer, M.",
    title="Geometric Difference {G}alois Theory",
    year="2010",
    school="Heidelberg"
},
@unpublished{
	glm,
	title="glm",
	URL="https://github.com/g-truc/glm"
},
@unpublished{
	sfml,
	title="SFML",
	URL="https://www.sfml-dev.org/"
},
@unpublished{
	mesa,
	title="Mesa",
	URL="https://www.mesa3d.org/"
},
@unpublished{
	imgui,
	title="ImGui",
	URL="https://github.com/ocornut/imgui"
},
@unpublished{
	obj,
	title="obj",
	URL="https://en.wikipedia.org/wiki/Wavefront_.obj_file"
},
@unpublished{
	uml1,
	title="uml image 1 source",
	URL="https://coderlessons.com/tutorials/akademicheskii/uchit-uml/uml-osnovnye-notatsii"
},
@unpublished{
	uml2,
	title="uml image 2 source",
	URL="https://www.wikiwand.com/en/Class_diagram"
},
@unpublished{
	zimg3,
	title="image 3 source",
	URL="https://web.cs.ucdavis.edu/~amenta/s12/perspectiveCorrect.pdf"
},
@unpublished{
	stb,
	title="stb\textunderscore image",
	URL="https://github.com/nothings/stb/blob/master/stb\textunderscore image.h"
},
@unpublished{
	3dRenderer,
	title="github репозиторий проекта",
	URL="https://github.com/asmorodinov/3d-renderer-from-scratch/tree/dev"
},
@unpublished{
	year2paper,
	title="Отчёт по КР за 2 курс",
	URL="https://github.com/asmorodinov/3d-renderer-from-scratch/blob/dev/term_papers/2%20course/paper.pdf"
},
@unpublished{
	analogsList,
	title="Список software 3d renderer-ов на github",
	URL="https://github.com/topics/software-rendering"
},

@unpublished{
	renderer1,
	title="ssloy/tinyrenderer",
	URL="https://github.com/ssloy/tinyrenderer"
},
@unpublished{
	renderer2,
	title="zauonlok/renderer",
	URL="https://github.com/zauonlok/renderer"
},
@unpublished{
	renderer3,
	title="kosua20/herebedragons",
	URL="https://github.com/kosua20/herebedragons"
},
@unpublished{
	renderer4,
	title="skywind3000/mini3d",
	URL="https://github.com/skywind3000/mini3d"
},
@unpublished{
	renderer5,
	title="ssloy/tinyraycaster",
	URL="https://github.com/ssloy/tinyraycaster"
},
@unpublished{
	renderer6,
	title="skywind3000/RenderHelp",
	URL="https://github.com/skywind3000/RenderHelp"
},
@unpublished{
	renderer7,
	title="Angelo1211/SoftwareRenderer",
	URL="https://github.com/Angelo1211/SoftwareRenderer"
},
@unpublished{
	renderer8,
	title="martinResearch/DEODR",
	URL="https://github.com/martinResearch/DEODR"
},
@unpublished{
	renderer9,
	title="bytecode77/fastpix3d",
	URL="https://github.com/bytecode77/fastpix3d"
},
@unpublished{
	renderer10,
	title="Dawoodoz/DFPSR",
	URL="https://github.com/Dawoodoz/DFPSR"
},
@unpublished{
	uml1,
	title="uml image 1 source",
	URL="https://coderlessons.com/tutorials/akademicheskii/uchit-uml/uml-osnovnye-notatsii"
},
@unpublished{
	uml2,
	title="uml image 2 source",
	URL="https://www.wikiwand.com/en/Class_diagram"
},
@unpublished{
	tbn,
	title="normal mapping TBN vectors image source",
	URL="https://learnopengl.com/img/advanced-lighting/normal_mapping_tbn_vectors.png"
},
@unpublished{
	shadow1,
	title="shadow mapping image 1 source",
	URL="https://learnopengl.com/img/advanced-lighting/shadow_mapping_theory.png"
},
@unpublished{
	shadow2,
	title="shadow mapping image 2 source",
	URL="https://learnopengl.com/img/advanced-lighting/shadow_mapping_theory_spaces.png"
},
@unpublished{
	ssao,
	title="SSAO image source",
	URL="https://learnopengl.com/img/advanced-lighting/ssao_hemisphere.png"
},
@book{
	Math3d,
	author="Eric Lengyel",
	title="Mathmatics for 3d game programming and computer graphics",
	publisher="Course Technology PTR",
	year="2012"
},
@book{
	LRN,
	author="Samuel R. Buss",
	title="A Mathematical Introduction with OpenGL",
	publisher="Cambridge University Press",
	year="2003"
},